%% This BibTeX bibliography file was created using BibDesk.
%% http://bibdesk.sourceforge.net/


%% Created for Adinda at 2016-11-04 17:52:26 +0000 


%% Saved with string encoding Unicode (UTF-8) 



@article{SVFit,
	Author = {L. Bianchini and J. Conway and E. K. Friis and et al.},
	Date-Added = {2016-11-04 12:52:37 +0000},
	Date-Modified = {2016-11-04 12:55:38 +0000},
	Doi = {10.1088/1742-6596/513/2/022035},
	Journal = {J.Phys.Conf.Ser},
	Keywords = {Higgs},
	Pages = {022035},
	Title = {Reconstruction of the Higgs mass in H->tautau Events by Dynamical Likelihood techniques},
	Volume = {513},
	Year = {2014},
	Bdsk-Url-1 = {http://dx.doi.org/10.1088/1742-6596/513/2/022035}}

@article{BarlowBeeston,
	Author = {R. Barlow and C. Beeston},
	Date-Added = {2016-11-03 14:08:26 +0000},
	Date-Modified = {2016-11-03 14:09:19 +0000},
	Doi = {10.1016/0010-4655(93)90005-W},
	Journal = {Comput. Phys. Commun},
	Keywords = {Statistics},
	Pages = {219-228},
	Title = {Fitting using finite Monte Carlo samples},
	Volume = {77},
	Year = {1993},
	Bdsk-Url-1 = {http://dx.doi.org/10.1016/0010-4655(93)90005-W}}

@webpage{cms-lumi-public,
	Date-Added = {2016-10-28 20:06:43 +0000},
	Date-Modified = {2016-10-28 20:07:17 +0000},
	Keywords = {Detector},
	Lastchecked = {28 october 2016},
	Url = {http://cms-service-lumi.web.cern.ch/cms-service-lumi/publicplots/},
	Bdsk-Url-1 = {http://cms-service-lumi.web.cern.ch/cms-service-lumi/publicplots/}}

@article{AsymptoticFormula,
	Author = {G. Cowan and K. Cranmer and E. Gross and O. Vitells},
	Date-Added = {2016-10-28 20:03:28 +0000},
	Date-Modified = {2016-10-28 20:06:39 +0000},
	Doi = {doi:10.1140/epjc/s10052-011-1554-0},
	Journal = {EPJ C},
	Keywords = {Statistics},
	Number = {2},
	Pages = {1-19},
	Title = {Asymptotic formulae for likelihood-based tests of new physics},
	Volume = {71},
	Year = {2011},
	Bdsk-File-1 = {YnBsaXN0MDDUAQIDBAUGJCVYJHZlcnNpb25YJG9iamVjdHNZJGFyY2hpdmVyVCR0b3ASAAGGoKgHCBMUFRYaIVUkbnVsbNMJCgsMDxJXTlMua2V5c1pOUy5vYmplY3RzViRjbGFzc6INDoACgAOiEBGABIAFgAdccmVsYXRpdmVQYXRoWWFsaWFzRGF0YV8QNFJlYWRpbmcvYXJ0JTNBMTAuMTE0MCUyRmVwamMlMkZzMTAwNTItMDExLTE1NTQtMC5wZGbSFwsYGVdOUy5kYXRhTxECSgAAAAACSgACAAAMTWFjaW50b3NoIEhEAAAAAAAAAAAAAAAAAAAAzhQ/IkgrAAACTHgYH2FydCUzQTEwLjExNDAlMkZlcGojMjgzRDM0Qy5wZGYAAAAAAAAAAAAAAAAAAAAAAAAAAAAAAAAAAAAAAAAAAAKD00zUOWzEUERGIENBUk8AAQADAAAJIAAAAAAAAAAAAAAAAAAAAAdSZWFkaW5nAAAQAAgAAM4UMRIAAAARAAgAANQ5XrQAAAABACACTHgYAkxZZwAv2oQAF0KlABamYgAFwJoABcCZAAISKQACAG9NYWNpbnRvc2ggSEQ6VXNlcnM6AGFkaW5kYToARG9jdW1lbnRzOgBJbXBlcmlhbDoAUGhEOgBXcml0aW5nOgBUaGVzaXM6AFJlYWRpbmc6AGFydCUzQTEwLjExNDAlMkZlcGojMjgzRDM0Qy5wZGYAAA4AWgAsAGEAcgB0ACUAMwBBADEAMAAuADEAMQA0ADAAJQAyAEYAZQBwAGoAYwAlADIARgBzADEAMAAwADUAMgAtADAAMQAxAC0AMQA1ADUANAAtADAALgBwAGQAZgAPABoADABNAGEAYwBpAG4AdABvAHMAaAAgAEgARAASAGdVc2Vycy9hZGluZGEvRG9jdW1lbnRzL0ltcGVyaWFsL1BoRC9Xcml0aW5nL1RoZXNpcy9SZWFkaW5nL2FydCUzQTEwLjExNDAlMkZlcGpjJTJGczEwMDUyLTAxMS0xNTU0LTAucGRmAAATAAEvAAAVAAIADf//AACABtIbHB0eWiRjbGFzc25hbWVYJGNsYXNzZXNdTlNNdXRhYmxlRGF0YaMdHyBWTlNEYXRhWE5TT2JqZWN00hscIiNcTlNEaWN0aW9uYXJ5oiIgXxAPTlNLZXllZEFyY2hpdmVy0SYnVHJvb3SAAQAIABEAGgAjAC0AMgA3AEAARgBNAFUAYABnAGoAbABuAHEAcwB1AHcAhACOAMUAygDSAyADIgMnAzIDOwNJA00DVANdA2IDbwNyA4QDhwOMAAAAAAAAAgEAAAAAAAAAKAAAAAAAAAAAAAAAAAAAA44=}}

@article{CLS,
	Author = {A.L. Read},
	Date-Added = {2016-10-28 19:59:06 +0000},
	Date-Modified = {2016-10-29 09:19:37 +0000},
	Doi = {10.1088/0954-3899/28/10/313},
	Journal = {Journal of Physics G: Nuclear and Particle Physics},
	Keywords = {Statistics},
	Month = {09},
	Number = {10},
	Pages = {2693},
	Title = {Presentation of search results: the CLs technique},
	Volume = {28},
	Year = {2002},
	Bdsk-File-1 = {YnBsaXN0MDDUAQIDBAUGJCVYJHZlcnNpb25YJG9iamVjdHNZJGFyY2hpdmVyVCR0b3ASAAGGoKgHCBMUFRYaIVUkbnVsbNMJCgsMDxJXTlMua2V5c1pOUy5vYmplY3RzViRjbGFzc6INDoACgAOiEBGABIAFgAdccmVsYXRpdmVQYXRoWWFsaWFzRGF0YV8QElJlYWRpbmcvZzIxMDEzLnBkZtIXCxgZV05TLmRhdGFPEQHOAAAAAAHOAAIAAAxNYWNpbnRvc2ggSEQAAAAAAAAAAAAAAAAAAADOFD8iSCsAAAJMeBgKZzIxMDEzLnBkZgAAAAAAAAAAAAAAAAAAAAAAAAAAAAAAAAAAAAAAAAAAAAAAAAAAAAAAAAAAAAAAAAAAAAAAAoPT09Q5bQJQREYgQ0FSTwABAAMAAAkgAAAAAAAAAAAAAAAAAAAAB1JlYWRpbmcAABAACAAAzhQxEgAAABEACAAA1Dle8gAAAAEAIAJMeBgCTFlnAC/ahAAXQqUAFqZiAAXAmgAFwJkAAhIpAAIAWk1hY2ludG9zaCBIRDpVc2VyczoAYWRpbmRhOgBEb2N1bWVudHM6AEltcGVyaWFsOgBQaEQ6AFdyaXRpbmc6AFRoZXNpczoAUmVhZGluZzoAZzIxMDEzLnBkZgAOABYACgBnADIAMQAwADEAMwAuAHAAZABmAA8AGgAMAE0AYQBjAGkAbgB0AG8AcwBoACAASABEABIARVVzZXJzL2FkaW5kYS9Eb2N1bWVudHMvSW1wZXJpYWwvUGhEL1dyaXRpbmcvVGhlc2lzL1JlYWRpbmcvZzIxMDEzLnBkZgAAEwABLwAAFQACAA3//wAAgAbSGxwdHlokY2xhc3NuYW1lWCRjbGFzc2VzXU5TTXV0YWJsZURhdGGjHR8gVk5TRGF0YVhOU09iamVjdNIbHCIjXE5TRGljdGlvbmFyeaIiIF8QD05TS2V5ZWRBcmNoaXZlctEmJ1Ryb290gAEACAARABoAIwAtADIANwBAAEYATQBVAGAAZwBqAGwAbgBxAHMAdQB3AIQAjgCjAKgAsAKCAoQCiQKUAp0CqwKvArYCvwLEAtEC1ALmAukC7gAAAAAAAAIBAAAAAAAAACgAAAAAAAAAAAAAAAAAAALw}}

@article{LHCHComb2011,
	Author = {LHC Higgs Combination group},
	Collaboration = {ATLAS and CMS},
	Date-Added = {2016-10-28 19:54:02 +0000},
	Date-Modified = {2016-11-04 17:49:52 +0000},
	Journal = {CMS Note-2011/005, ATL-PHYS-PUB-2011-11},
	Keywords = {Statistics},
	Title = {Procedure for the LHC Higgs boson search bomination in Summer 2011},
	Bdsk-File-1 = {YnBsaXN0MDDUAQIDBAUGJCVYJHZlcnNpb25YJG9iamVjdHNZJGFyY2hpdmVyVCR0b3ASAAGGoKgHCBMUFRYaIVUkbnVsbNMJCgsMDxJXTlMua2V5c1pOUy5vYmplY3RzViRjbGFzc6INDoACgAOiEBGABIAFgAdccmVsYXRpdmVQYXRoWWFsaWFzRGF0YV8QGFJlYWRpbmcvTk9URTIwMTFfMDA1LnBkZtIXCxgZV05TLmRhdGFPEQHmAAAAAAHmAAIAAAxNYWNpbnRvc2ggSEQAAAAAAAAAAAAAAAAAAADOFD8iSCsAAAJMeBgQTk9URTIwMTFfMDA1LnBkZgAAAAAAAAAAAAAAAAAAAAAAAAAAAAAAAAAAAAAAAAAAAAAAAAAAAAAAAAAAAAAAAoPSCtQ5a/dQREYgQ0FSTwABAAMAAAkgAAAAAAAAAAAAAAAAAAAAB1JlYWRpbmcAABAACAAAzhQxEgAAABEACAAA1Dld5wAAAAEAIAJMeBgCTFlnAC/ahAAXQqUAFqZiAAXAmgAFwJkAAhIpAAIAYE1hY2ludG9zaCBIRDpVc2VyczoAYWRpbmRhOgBEb2N1bWVudHM6AEltcGVyaWFsOgBQaEQ6AFdyaXRpbmc6AFRoZXNpczoAUmVhZGluZzoATk9URTIwMTFfMDA1LnBkZgAOACIAEABOAE8AVABFADIAMAAxADEAXwAwADAANQAuAHAAZABmAA8AGgAMAE0AYQBjAGkAbgB0AG8AcwBoACAASABEABIAS1VzZXJzL2FkaW5kYS9Eb2N1bWVudHMvSW1wZXJpYWwvUGhEL1dyaXRpbmcvVGhlc2lzL1JlYWRpbmcvTk9URTIwMTFfMDA1LnBkZgAAEwABLwAAFQACAA3//wAAgAbSGxwdHlokY2xhc3NuYW1lWCRjbGFzc2VzXU5TTXV0YWJsZURhdGGjHR8gVk5TRGF0YVhOU09iamVjdNIbHCIjXE5TRGljdGlvbmFyeaIiIF8QD05TS2V5ZWRBcmNoaXZlctEmJ1Ryb290gAEACAARABoAIwAtADIANwBAAEYATQBVAGAAZwBqAGwAbgBxAHMAdQB3AIQAjgCpAK4AtgKgAqICpwKyArsCyQLNAtQC3QLiAu8C8gMEAwcDDAAAAAAAAAIBAAAAAAAAACgAAAAAAAAAAAAAAAAAAAMO}}

@article{BTV8TeV,
	Collaboration = {CMS},
	Date-Added = {2016-10-16 14:02:56 +0000},
	Date-Modified = {2016-11-04 17:50:12 +0000},
	Journal = {CMS Physics Analysis Summary},
	Keywords = {Objects},
	Title = {Performance of b tagging at $\sqrt{s}=8$ TeV in multijet, $t\bar{t}$ and boosted topology events},
	Volume = {CMS-PAS-BTV-13-001},
	Year = {2013},
	Bdsk-File-1 = {YnBsaXN0MDDUAQIDBAUGJCVYJHZlcnNpb25YJG9iamVjdHNZJGFyY2hpdmVyVCR0b3ASAAGGoKgHCBMUFRYaIVUkbnVsbNMJCgsMDxJXTlMua2V5c1pOUy5vYmplY3RzViRjbGFzc6INDoACgAOiEBGABIAFgAdccmVsYXRpdmVQYXRoWWFsaWFzRGF0YV8QGlJlYWRpbmcvQlRWLTEzLTAwMS1wYXMucGRm0hcLGBlXTlMuZGF0YU8RAe4AAAAAAe4AAgAADE1hY2ludG9zaCBIRAAAAAAAAAAAAAAAAAAAAM4UPyJIKwAAAkx4GBJCVFYtMTMtMDAxLXBhcy5wZGYAAAAAAAAAAAAAAAAAAAAAAAAAAAAAAAAAAAAAAAAAAAAAAAAAAAAAAAAAAAACd49E1ClHHAAAAAAAAAAAAAEAAwAACSAAAAAAAAAAAAAAAAAAAAAHUmVhZGluZwAAEAAIAADOFDESAAAAEQAIAADUKTkMAAAAAQAgAkx4GAJMWWcAL9qEABdCpQAWpmIABcCaAAXAmQACEikAAgBiTWFjaW50b3NoIEhEOlVzZXJzOgBhZGluZGE6AERvY3VtZW50czoASW1wZXJpYWw6AFBoRDoAV3JpdGluZzoAVGhlc2lzOgBSZWFkaW5nOgBCVFYtMTMtMDAxLXBhcy5wZGYADgAmABIAQgBUAFYALQAxADMALQAwADAAMQAtAHAAYQBzAC4AcABkAGYADwAaAAwATQBhAGMAaQBuAHQAbwBzAGgAIABIAEQAEgBNVXNlcnMvYWRpbmRhL0RvY3VtZW50cy9JbXBlcmlhbC9QaEQvV3JpdGluZy9UaGVzaXMvUmVhZGluZy9CVFYtMTMtMDAxLXBhcy5wZGYAABMAAS8AABUAAgAN//8AAIAG0hscHR5aJGNsYXNzbmFtZVgkY2xhc3Nlc11OU011dGFibGVEYXRhox0fIFZOU0RhdGFYTlNPYmplY3TSGxwiI1xOU0RpY3Rpb25hcnmiIiBfEA9OU0tleWVkQXJjaGl2ZXLRJidUcm9vdIABAAgAEQAaACMALQAyADcAQABGAE0AVQBgAGcAagBsAG4AcQBzAHUAdwCEAI4AqwCwALgCqgKsArECvALFAtMC1wLeAucC7AL5AvwDDgMRAxYAAAAAAAACAQAAAAAAAAAoAAAAAAAAAAAAAAAAAAADGA==}}

@article{Geant4,
	Author = {S. Agostinelli and et. al.},
	Date-Added = {2016-10-16 13:59:18 +0000},
	Date-Modified = {2016-11-04 17:52:24 +0000},
	Doi = {doi:10.1016/S0168-9002(03)01368-8},
	Journal = {Nuclear Instruments and Methods in Physics Research Section A: Accelerators, Spectrometers, Detectors and Associated Equipment},
	Keywords = {Generator},
	Pages = {250-303},
	Title = {Geant4-a simulation toolkit},
	Volume = {506},
	Year = {2003},
	Bdsk-Url-1 = {http://dx.doi.org/10.1016/S0168-9002(03)01368-8}}

@article{TauSpinner,
	Author = {Z. Czyczula and T. Przedzinski and Z. Was},
	Date-Added = {2016-10-16 13:56:00 +0000},
	Date-Modified = {2016-10-16 13:57:40 +0000},
	Doi = {10.1140/epjc/s10052-012-1988-z},
	Eprint = {1201.0117},
	Journal = {EPJC},
	Keywords = {Generator},
	Pages = {1988},
	Title = {TauSpinner program for studies on spin effect in tau production at the LHC},
	Volume = {72},
	Year = {2012},
	Bdsk-File-1 = {YnBsaXN0MDDUAQIDBAUGJCVYJHZlcnNpb25YJG9iamVjdHNZJGFyY2hpdmVyVCR0b3ASAAGGoKgHCBMUFRYaIVUkbnVsbNMJCgsMDxJXTlMua2V5c1pOUy5vYmplY3RzViRjbGFzc6INDoACgAOiEBGABIAFgAdccmVsYXRpdmVQYXRoWWFsaWFzRGF0YV8QF1JlYWRpbmcvMTIwMS4wMTE3djIucGRm0hcLGBlXTlMuZGF0YU8RAeIAAAAAAeIAAgAADE1hY2ludG9zaCBIRAAAAAAAAAAAAAAAAAAAAM4UPyJIKwAAAkx4GA8xMjAxLjAxMTd2Mi5wZGYAAAAAAAAAAAAAAAAAAAAAAAAAAAAAAAAAAAAAAAAAAAAAAAAAAAAAAAAAAAAAAAACd4u+1ClFbQAAAAAAAAAAAAEAAwAACSAAAAAAAAAAAAAAAAAAAAAHUmVhZGluZwAAEAAIAADOFDESAAAAEQAIAADUKTddAAAAAQAgAkx4GAJMWWcAL9qEABdCpQAWpmIABcCaAAXAmQACEikAAgBfTWFjaW50b3NoIEhEOlVzZXJzOgBhZGluZGE6AERvY3VtZW50czoASW1wZXJpYWw6AFBoRDoAV3JpdGluZzoAVGhlc2lzOgBSZWFkaW5nOgAxMjAxLjAxMTd2Mi5wZGYAAA4AIAAPADEAMgAwADEALgAwADEAMQA3AHYAMgAuAHAAZABmAA8AGgAMAE0AYQBjAGkAbgB0AG8AcwBoACAASABEABIASlVzZXJzL2FkaW5kYS9Eb2N1bWVudHMvSW1wZXJpYWwvUGhEL1dyaXRpbmcvVGhlc2lzL1JlYWRpbmcvMTIwMS4wMTE3djIucGRmABMAAS8AABUAAgAN//8AAIAG0hscHR5aJGNsYXNzbmFtZVgkY2xhc3Nlc11OU011dGFibGVEYXRhox0fIFZOU0RhdGFYTlNPYmplY3TSGxwiI1xOU0RpY3Rpb25hcnmiIiBfEA9OU0tleWVkQXJjaGl2ZXLRJidUcm9vdIABAAgAEQAaACMALQAyADcAQABGAE0AVQBgAGcAagBsAG4AcQBzAHUAdwCEAI4AqACtALUCmwKdAqICrQK2AsQCyALPAtgC3QLqAu0C/wMCAwcAAAAAAAACAQAAAAAAAAAoAAAAAAAAAAAAAAAAAAADCQ==},
	Bdsk-Url-1 = {http://dx.doi.org/10.1140/epjc/s10052-012-1988-z}}

@article{h2MSSM-Ellis,
	Author = {J. Ellis and J. Quevillon and V. Sanz},
	Date-Added = {2016-10-16 13:52:04 +0000},
	Date-Modified = {2016-10-16 13:55:58 +0000},
	Eprint = {1607.05541},
	Keywords = {MSSM},
	Title = {Doubling up on Supersymmetry in the Higgs Sector},
	Bdsk-File-1 = {YnBsaXN0MDDUAQIDBAUGJCVYJHZlcnNpb25YJG9iamVjdHNZJGFyY2hpdmVyVCR0b3ASAAGGoKgHCBMUFRYaIVUkbnVsbNMJCgsMDxJXTlMua2V5c1pOUy5vYmplY3RzViRjbGFzc6INDoACgAOiEBGABIAFgAdccmVsYXRpdmVQYXRoWWFsaWFzRGF0YV8QFlJlYWRpbmcvMTYwNy4wNTU0MS5wZGbSFwsYGVdOUy5kYXRhTxEB3gAAAAAB3gACAAAMTWFjaW50b3NoIEhEAAAAAAAAAAAAAAAAAAAAzhQ/IkgrAAACTHgYDjE2MDcuMDU1NDEucGRmAAAAAAAAAAAAAAAAAAAAAAAAAAAAAAAAAAAAAAAAAAAAAAAAAAAAAAAAAAAAAAAAAAJ3imXUKUTGAAAAAAAAAAAAAQADAAAJIAAAAAAAAAAAAAAAAAAAAAdSZWFkaW5nAAAQAAgAAM4UMRIAAAARAAgAANQpNrYAAAABACACTHgYAkxZZwAv2oQAF0KlABamYgAFwJoABcCZAAISKQACAF5NYWNpbnRvc2ggSEQ6VXNlcnM6AGFkaW5kYToARG9jdW1lbnRzOgBJbXBlcmlhbDoAUGhEOgBXcml0aW5nOgBUaGVzaXM6AFJlYWRpbmc6ADE2MDcuMDU1NDEucGRmAA4AHgAOADEANgAwADcALgAwADUANQA0ADEALgBwAGQAZgAPABoADABNAGEAYwBpAG4AdABvAHMAaAAgAEgARAASAElVc2Vycy9hZGluZGEvRG9jdW1lbnRzL0ltcGVyaWFsL1BoRC9Xcml0aW5nL1RoZXNpcy9SZWFkaW5nLzE2MDcuMDU1NDEucGRmAAATAAEvAAAVAAIADf//AACABtIbHB0eWiRjbGFzc25hbWVYJGNsYXNzZXNdTlNNdXRhYmxlRGF0YaMdHyBWTlNEYXRhWE5TT2JqZWN00hscIiNcTlNEaWN0aW9uYXJ5oiIgXxAPTlNLZXllZEFyY2hpdmVy0SYnVHJvb3SAAQAIABEAGgAjAC0AMgA3AEAARgBNAFUAYABnAGoAbABuAHEAcwB1AHcAhACOAKcArAC0ApYCmAKdAqgCsQK/AsMCygLTAtgC5QLoAvoC/QMCAAAAAAAAAgEAAAAAAAAAKAAAAAAAAAAAAAAAAAAAAwQ=}}

@url{HIG-14-034-additional,
	Collaboration = {CMS Collaboration},
	Date-Added = {2016-10-16 13:17:55 +0000},
	Date-Modified = {2016-10-16 13:18:50 +0000},
	Keywords = {8TeV},
	Url = {http://cms-results.web.cern.ch/cms-results/public-results/publications/HIG-14-034/index.html},
	Bdsk-Url-1 = {http://cms-results.web.cern.ch/cms-results/public-results/publications/HIG-14-034/index.html}}

@article{SMHtautauCMS,
	Collaboration = {CMS},
	Date-Added = {2016-10-15 11:36:53 +0000},
	Date-Modified = {2016-11-04 17:49:07 +0000},
	Doi = {10.1007/JHEP05(2014)104},
	Eprint = {1401.5041},
	Journal = {JHEP},
	Keywords = {8TeV},
	Pages = {104},
	Title = {Evidence for the 125 GeV Higgs boson decaying to a pair of \Pgt leptons},
	Volume = {05},
	Year = {2014},
	Bdsk-File-1 = {YnBsaXN0MDDUAQIDBAUGJCVYJHZlcnNpb25YJG9iamVjdHNZJGFyY2hpdmVyVCR0b3ASAAGGoKgHCBMUFRYaIVUkbnVsbNMJCgsMDxJXTlMua2V5c1pOUy5vYmplY3RzViRjbGFzc6INDoACgAOiEBGABIAFgAdccmVsYXRpdmVQYXRoWWFsaWFzRGF0YV8QHS4uLy4uL1JlYWRpbmcvMTQwMS41MDQxdjIucGRm0hcLGBlXTlMuZGF0YU8RAboAAAAAAboAAgAADE1hY2ludG9zaCBIRAAAAAAAAAAAAAAAAAAAAM4UPyJIKwAAAC99Bw8xNDAxLjUwNDF2Mi5wZGYAAAAAAAAAAAAAAAAAAAAAAAAAAAAAAAAAAAAAAAAAAAAAAAAAAAAAAAAAAAAAAAACdqse1CfTCwAAAAAAAAAAAAIAAgAACSAAAAAAAAAAAAAAAAAAAAAHUmVhZGluZwAAEAAIAADOFDESAAAAEQAIAADUJ8T7AAAAAQAYAC99BwAXQqUAFqZiAAXAmgAFwJkAAhIpAAIATk1hY2ludG9zaCBIRDpVc2VyczoAYWRpbmRhOgBEb2N1bWVudHM6AEltcGVyaWFsOgBQaEQ6AFJlYWRpbmc6ADE0MDEuNTA0MXYyLnBkZgAOACAADwAxADQAMAAxAC4ANQAwADQAMQB2ADIALgBwAGQAZgAPABoADABNAGEAYwBpAG4AdABvAHMAaAAgAEgARAASADtVc2Vycy9hZGluZGEvRG9jdW1lbnRzL0ltcGVyaWFsL1BoRC9SZWFkaW5nLzE0MDEuNTA0MXYyLnBkZgAAEwABLwAAFQACAA3//wAAgAbSGxwdHlokY2xhc3NuYW1lWCRjbGFzc2VzXU5TTXV0YWJsZURhdGGjHR8gVk5TRGF0YVhOU09iamVjdNIbHCIjXE5TRGljdGlvbmFyeaIiIF8QD05TS2V5ZWRBcmNoaXZlctEmJ1Ryb290gAEACAARABoAIwAtADIANwBAAEYATQBVAGAAZwBqAGwAbgBxAHMAdQB3AIQAjgCuALMAuwJ5AnsCgAKLApQCogKmAq0CtgK7AsgCywLdAuAC5QAAAAAAAAIBAAAAAAAAACgAAAAAAAAAAAAAAAAAAALn},
	Bdsk-Url-1 = {http://dx.doi.org/10.1007/JHEP05(2014)104}}

@article{HDiscoveryCMS,
	Collaboration = {CMS},
	Date-Added = {2016-10-07 13:11:54 +0000},
	Date-Modified = {2016-11-04 17:51:15 +0000},
	Doi = {10.1016/j.physletb.2012.08.021},
	Eprint = {1207.7235},
	Journal = {Phys. Lett. B},
	Keywords = {Higgs},
	Pages = {30},
	Title = {Observation of a new boson at a mass of 125 GeV with the CMS experiment at the LHC},
	Volume = {716},
	Year = {2012},
	Bdsk-File-1 = {YnBsaXN0MDDUAQIDBAUGJCVYJHZlcnNpb25YJG9iamVjdHNZJGFyY2hpdmVyVCR0b3ASAAGGoKgHCBMUFRYaIVUkbnVsbNMJCgsMDxJXTlMua2V5c1pOUy5vYmplY3RzViRjbGFzc6INDoACgAOiEBGABIAFgAdccmVsYXRpdmVQYXRoWWFsaWFzRGF0YV8QHS4uLy4uL1JlYWRpbmcvMTIwNy43MjM1djIucGRm0hcLGBlXTlMuZGF0YU8RAboAAAAAAboAAgAADE1hY2ludG9zaCBIRAAAAAAAAAAAAAAAAAAAAM4UPyJIKwAAAC99Bw8xMjA3LjcyMzV2Mi5wZGYAAAAAAAAAAAAAAAAAAAAAAAAAAAAAAAAAAAAAAAAAAAAAAAAAAAAAAAAAAAAAAAAAL0MWzvxvWgAAAAAAAAAAAAIAAgAACSAAAAAAAAAAAAAAAAAAAAAHUmVhZGluZwAAEAAIAADOFDESAAAAEQAIAADO/G9aAAAAAQAYAC99BwAXQqUAFqZiAAXAmgAFwJkAAhIpAAIATk1hY2ludG9zaCBIRDpVc2VyczoAYWRpbmRhOgBEb2N1bWVudHM6AEltcGVyaWFsOgBQaEQ6AFJlYWRpbmc6ADEyMDcuNzIzNXYyLnBkZgAOACAADwAxADIAMAA3AC4ANwAyADMANQB2ADIALgBwAGQAZgAPABoADABNAGEAYwBpAG4AdABvAHMAaAAgAEgARAASADtVc2Vycy9hZGluZGEvRG9jdW1lbnRzL0ltcGVyaWFsL1BoRC9SZWFkaW5nLzEyMDcuNzIzNXYyLnBkZgAAEwABLwAAFQACAA3//wAAgAbSGxwdHlokY2xhc3NuYW1lWCRjbGFzc2VzXU5TTXV0YWJsZURhdGGjHR8gVk5TRGF0YVhOU09iamVjdNIbHCIjXE5TRGljdGlvbmFyeaIiIF8QD05TS2V5ZWRBcmNoaXZlctEmJ1Ryb290gAEACAARABoAIwAtADIANwBAAEYATQBVAGAAZwBqAGwAbgBxAHMAdQB3AIQAjgCuALMAuwJ5AnsCgAKLApQCogKmAq0CtgK7AsgCywLdAuAC5QAAAAAAAAIBAAAAAAAAACgAAAAAAAAAAAAAAAAAAALn},
	Bdsk-Url-1 = {http://dx.doi.org/10.1016/j.physletb.2012.08.021}}

@article{HDiscoveryATLAS,
	Collaboration = {ATLAS},
	Date-Added = {2016-10-07 13:09:21 +0000},
	Date-Modified = {2016-11-04 17:51:21 +0000},
	Doi = {10.1016/j.physletb.2012.08.020},
	Eprint = {1207.7214},
	Journal = {Phys. Lett. B},
	Keywords = {Higgs},
	Pages = {1-29},
	Title = {Observation of a New Particle in the Search for the Standard Model Higgs Boson with the ATLAS Detector at the LHC},
	Volume = {716},
	Year = {2012},
	Bdsk-File-1 = {YnBsaXN0MDDUAQIDBAUGJCVYJHZlcnNpb25YJG9iamVjdHNZJGFyY2hpdmVyVCR0b3ASAAGGoKgHCBMUFRYaIVUkbnVsbNMJCgsMDxJXTlMua2V5c1pOUy5vYmplY3RzViRjbGFzc6INDoACgAOiEBGABIAFgAdccmVsYXRpdmVQYXRoWWFsaWFzRGF0YV8QHS4uLy4uL1JlYWRpbmcvMTIwNy43MjE0djIucGRm0hcLGBlXTlMuZGF0YU8RAboAAAAAAboAAgAADE1hY2ludG9zaCBIRAAAAAAAAAAAAAAAAAAAAM4UPyJIKwAAAC99Bw8xMjA3LjcyMTR2Mi5wZGYAAAAAAAAAAAAAAAAAAAAAAAAAAAAAAAAAAAAAAAAAAAAAAAAAAAAAAAAAAAAAAAACbMk11B1c6QAAAAAAAAAAAAIAAgAACSAAAAAAAAAAAAAAAAAAAAAHUmVhZGluZwAAEAAIAADOFDESAAAAEQAIAADUHU7ZAAAAAQAYAC99BwAXQqUAFqZiAAXAmgAFwJkAAhIpAAIATk1hY2ludG9zaCBIRDpVc2VyczoAYWRpbmRhOgBEb2N1bWVudHM6AEltcGVyaWFsOgBQaEQ6AFJlYWRpbmc6ADEyMDcuNzIxNHYyLnBkZgAOACAADwAxADIAMAA3AC4ANwAyADEANAB2ADIALgBwAGQAZgAPABoADABNAGEAYwBpAG4AdABvAHMAaAAgAEgARAASADtVc2Vycy9hZGluZGEvRG9jdW1lbnRzL0ltcGVyaWFsL1BoRC9SZWFkaW5nLzEyMDcuNzIxNHYyLnBkZgAAEwABLwAAFQACAA3//wAAgAbSGxwdHlokY2xhc3NuYW1lWCRjbGFzc2VzXU5TTXV0YWJsZURhdGGjHR8gVk5TRGF0YVhOU09iamVjdNIbHCIjXE5TRGljdGlvbmFyeaIiIF8QD05TS2V5ZWRBcmNoaXZlctEmJ1Ryb290gAEACAARABoAIwAtADIANwBAAEYATQBVAGAAZwBqAGwAbgBxAHMAdQB3AIQAjgCuALMAuwJ5AnsCgAKLApQCogKmAq0CtgK7AsgCywLdAuAC5QAAAAAAAAIBAAAAAAAAACgAAAAAAAAAAAAAAAAAAALn},
	Bdsk-Url-1 = {http://dx.doi.org/10.1016/j.physletb.2012.08.020}}

@article{2HDM-I,
	Annote = {
},
	Author = {G. Branco, and P. Ferreira, and L. Lavoura, and M. Rebelo, and M. Sher, and J. Silva},
	Date-Added = {2016-10-06 11:21:35 +0000},
	Date-Modified = {2016-10-07 13:06:02 +0000},
	Doi = {http://dx.doi.org/10.1016/j.physrep.2012.02.002},
	Eprint = {1106.0034},
	Journal = {Phys. Rep.},
	Keywords = {2HDM},
	Month = {July},
	Number = {1-2},
	Pages = {1-102},
	Title = {Theory and phenomenology of two-Higgs-doublet models},
	Volume = {516},
	Year = {2012},
	Bdsk-File-1 = {YnBsaXN0MDDUAQIDBAUGJCVYJHZlcnNpb25YJG9iamVjdHNZJGFyY2hpdmVyVCR0b3ASAAGGoKgHCBMUFRYaIVUkbnVsbNMJCgsMDxJXTlMua2V5c1pOUy5vYmplY3RzViRjbGFzc6INDoACgAOiEBGABIAFgAdccmVsYXRpdmVQYXRoWWFsaWFzRGF0YV8QHS4uLy4uL1JlYWRpbmcvMTEwNi4wMDM0djMucGRm0hcLGBlXTlMuZGF0YU8RAboAAAAAAboAAgAADE1hY2ludG9zaCBIRAAAAAAAAAAAAAAAAAAAAM4UPyJIKwAAAC99Bw8xMTA2LjAwMzR2My5wZGYAAAAAAAAAAAAAAAAAAAAAAAAAAAAAAAAAAAAAAAAAAAAAAAAAAAAAAAAAAAAAAAACbDMv1BvyRAAAAAAAAAAAAAIAAgAACSAAAAAAAAAAAAAAAAAAAAAHUmVhZGluZwAAEAAIAADOFDESAAAAEQAIAADUG+Q0AAAAAQAYAC99BwAXQqUAFqZiAAXAmgAFwJkAAhIpAAIATk1hY2ludG9zaCBIRDpVc2VyczoAYWRpbmRhOgBEb2N1bWVudHM6AEltcGVyaWFsOgBQaEQ6AFJlYWRpbmc6ADExMDYuMDAzNHYzLnBkZgAOACAADwAxADEAMAA2AC4AMAAwADMANAB2ADMALgBwAGQAZgAPABoADABNAGEAYwBpAG4AdABvAHMAaAAgAEgARAASADtVc2Vycy9hZGluZGEvRG9jdW1lbnRzL0ltcGVyaWFsL1BoRC9SZWFkaW5nLzExMDYuMDAzNHYzLnBkZgAAEwABLwAAFQACAA3//wAAgAbSGxwdHlokY2xhc3NuYW1lWCRjbGFzc2VzXU5TTXV0YWJsZURhdGGjHR8gVk5TRGF0YVhOU09iamVjdNIbHCIjXE5TRGljdGlvbmFyeaIiIF8QD05TS2V5ZWRBcmNoaXZlctEmJ1Ryb290gAEACAARABoAIwAtADIANwBAAEYATQBVAGAAZwBqAGwAbgBxAHMAdQB3AIQAjgCuALMAuwJ5AnsCgAKLApQCogKmAq0CtgK7AsgCywLdAuAC5QAAAAAAAAIBAAAAAAAAACgAAAAAAAAAAAAAAAAAAALn},
	Bdsk-Url-1 = {http://dx.doi.org/10.1016/j.physrep.2012.02.002}}

@article{CMS-HIG-14-034,
	Collaboration = {CMS},
	Date-Added = {2016-09-08 08:36:50 +0000},
	Date-Modified = {2016-11-04 17:48:59 +0000},
	Doi = {10.1016/j.physletb.2016.01.056},
	Eprint = {1510.01181},
	Journal = {PLB},
	Keywords = {8TeV},
	Pages = {217},
	Title = {Searches for a heavy scalar boson H decaying to a pair of 125 GeV Higgs bosons hh or for a heavy pseudoscalar boson A decaying to Zh in the final states with h$\rightarrow\tau\tau$},
	Volume = {755},
	Year = {2016},
	Bdsk-File-1 = {YnBsaXN0MDDUAQIDBAUGJCVYJHZlcnNpb25YJG9iamVjdHNZJGFyY2hpdmVyVCR0b3ASAAGGoKgHCBMUFRYaIVUkbnVsbNMJCgsMDxJXTlMua2V5c1pOUy5vYmplY3RzViRjbGFzc6INDoACgAOiEBGABIAFgAdccmVsYXRpdmVQYXRoWWFsaWFzRGF0YV8QHFJlYWRpbmcvSElHLTE0LTAzNC1hclhpdi5wZGbSFwsYGVdOUy5kYXRhTxEB9gAAAAAB9gACAAAMTWFjaW50b3NoIEhEAAAAAAAAAAAAAAAAAAAAzhQ/IkgrAAACTHgYFEhJRy0xNC0wMzQtYXJYaXYucGRmAAAAAAAAAAAAAAAAAAAAAAAAAAAAAAAAAAAAAAAAAAAAAAAAAAAAAAAAAAJMeQfT3QWSUERGIENBUk8AAQADAAAJIAAAAAAAAAAAAAAAAAAAAAdSZWFkaW5nAAAQAAgAAM4UMRIAAAARAAgAANPc94IAAAABACACTHgYAkxZZwAv2oQAF0KlABamYgAFwJoABcCZAAISKQACAGRNYWNpbnRvc2ggSEQ6VXNlcnM6AGFkaW5kYToARG9jdW1lbnRzOgBJbXBlcmlhbDoAUGhEOgBXcml0aW5nOgBUaGVzaXM6AFJlYWRpbmc6AEhJRy0xNC0wMzQtYXJYaXYucGRmAA4AKgAUAEgASQBHAC0AMQA0AC0AMAAzADQALQBhAHIAWABpAHYALgBwAGQAZgAPABoADABNAGEAYwBpAG4AdABvAHMAaAAgAEgARAASAE9Vc2Vycy9hZGluZGEvRG9jdW1lbnRzL0ltcGVyaWFsL1BoRC9Xcml0aW5nL1RoZXNpcy9SZWFkaW5nL0hJRy0xNC0wMzQtYXJYaXYucGRmAAATAAEvAAAVAAIADf//AACABtIbHB0eWiRjbGFzc25hbWVYJGNsYXNzZXNdTlNNdXRhYmxlRGF0YaMdHyBWTlNEYXRhWE5TT2JqZWN00hscIiNcTlNEaWN0aW9uYXJ5oiIgXxAPTlNLZXllZEFyY2hpdmVy0SYnVHJvb3SAAQAIABEAGgAjAC0AMgA3AEAARgBNAFUAYABnAGoAbABuAHEAcwB1AHcAhACOAK0AsgC6ArQCtgK7AsYCzwLdAuEC6ALxAvYDAwMGAxgDGwMgAAAAAAAAAgEAAAAAAAAAKAAAAAAAAAAAAAAAAAAAAyI=},
	Bdsk-Url-1 = {http://dx.doi.org/10.1016/j.physletb.2016.01.056}}

@article{powheg2,
	Annote = {doi: 	10.1007/JHEP06(2010)043},
	Author = {S. Alioli and P. Nason and C. Oleari and and E. Re},
	Date-Added = {2016-09-06 19:52:12 +0000},
	Date-Modified = {2016-10-07 13:06:55 +0000},
	Doi = {10.1007/JHEP06(2010)043},
	Journal = {JHEP},
	Keywords = {Generator},
	Pages = {043},
	Title = {A general framework for implementing NLO calculations in shower Monte Carlo programs: the POWHEG BOX},
	Volume = {06},
	Year = {2010},
	Bdsk-File-1 = {YnBsaXN0MDDUAQIDBAUGJCVYJHZlcnNpb25YJG9iamVjdHNZJGFyY2hpdmVyVCR0b3ASAAGGoKgHCBMUFRYaIVUkbnVsbNMJCgsMDxJXTlMua2V5c1pOUy5vYmplY3RzViRjbGFzc6INDoACgAOiEBGABIAFgAdccmVsYXRpdmVQYXRoWWFsaWFzRGF0YV8QKC4uLy4uLy4uLy4uLy4uL0Rvd25sb2Fkcy8xMDAyLjI1ODF2MS5wZGbSFwsYGVdOUy5kYXRhTxEBggAAAAABggACAAAMTWFjaW50b3NoIEhEAAAAAAAAAAAAAAAAAAAAzhQ/IkgrAAAABcCcDzEwMDIuMjU4MXYxLnBkZgAAAAAAAAAAAAAAAAAAAAAAAAAAAAAAAAAAAAAAAAAAAAAAAAAAAAAAAAAAAAAAAAJSZ9TT9N1MAAAAAAAAAAAABQACAAAJIAAAAAAAAAAAAAAAAAAAAAlEb3dubG9hZHMAABAACAAAzhQxEgAAABEACAAA0/TPPAAAAAEADAAFwJwABcCZAAISKQACADZNYWNpbnRvc2ggSEQ6VXNlcnM6AGFkaW5kYToARG93bmxvYWRzOgAxMDAyLjI1ODF2MS5wZGYADgAgAA8AMQAwADAAMgAuADIANQA4ADEAdgAxAC4AcABkAGYADwAaAAwATQBhAGMAaQBuAHQAbwBzAGgAIABIAEQAEgAmVXNlcnMvYWRpbmRhL0Rvd25sb2Fkcy8xMDAyLjI1ODF2MS5wZGYAEwABLwAAFQACAA3//wAAgAbSGxwdHlokY2xhc3NuYW1lWCRjbGFzc2VzXU5TTXV0YWJsZURhdGGjHR8gVk5TRGF0YVhOU09iamVjdNIbHCIjXE5TRGljdGlvbmFyeaIiIF8QD05TS2V5ZWRBcmNoaXZlctEmJ1Ryb290gAEACAARABoAIwAtADIANwBAAEYATQBVAGAAZwBqAGwAbgBxAHMAdQB3AIQAjgC5AL4AxgJMAk4CUwJeAmcCdQJ5AoACiQKOApsCngKwArMCuAAAAAAAAAIBAAAAAAAAACgAAAAAAAAAAAAAAAAAAAK6},
	Bdsk-Url-1 = {http://dx.doi.org/10.1007/JHEP06(2010)043}}

@article{powheg1,
	Annote = {DOI: 10.1088/1126-6708/2007/11/070},
	Author = {S. Frixione and P. Nason and C. Oleari},
	Date-Added = {2016-09-06 19:50:04 +0000},
	Date-Modified = {2016-10-07 13:06:46 +0000},
	Doi = {10.1088/1126-6708/2007/11/070},
	Journal = {JHEP},
	Keywords = {Generator},
	Pages = {070},
	Title = {Matching NLO QCD computations with Parton Shower simulations: the POWHEG method},
	Volume = {11},
	Year = {2007},
	Bdsk-File-1 = {YnBsaXN0MDDUAQIDBAUGJCVYJHZlcnNpb25YJG9iamVjdHNZJGFyY2hpdmVyVCR0b3ASAAGGoKgHCBMUFRYaIVUkbnVsbNMJCgsMDxJXTlMua2V5c1pOUy5vYmplY3RzViRjbGFzc6INDoACgAOiEBGABIAFgAdccmVsYXRpdmVQYXRoWWFsaWFzRGF0YV8QKC4uLy4uLy4uLy4uLy4uL0Rvd25sb2Fkcy8wNzA5LjIwOTJ2MS5wZGbSFwsYGVdOUy5kYXRhTxEBggAAAAABggACAAAMTWFjaW50b3NoIEhEAAAAAAAAAAAAAAAAAAAAzhQ/IkgrAAAABcCcDzA3MDkuMjA5MnYxLnBkZgAAAAAAAAAAAAAAAAAAAAAAAAAAAAAAAAAAAAAAAAAAAAAAAAAAAAAAAAAAAAAAAAJSZqHT9NyGAAAAAAAAAAAABQACAAAJIAAAAAAAAAAAAAAAAAAAAAlEb3dubG9hZHMAABAACAAAzhQxEgAAABEACAAA0/TOdgAAAAEADAAFwJwABcCZAAISKQACADZNYWNpbnRvc2ggSEQ6VXNlcnM6AGFkaW5kYToARG93bmxvYWRzOgAwNzA5LjIwOTJ2MS5wZGYADgAgAA8AMAA3ADAAOQAuADIAMAA5ADIAdgAxAC4AcABkAGYADwAaAAwATQBhAGMAaQBuAHQAbwBzAGgAIABIAEQAEgAmVXNlcnMvYWRpbmRhL0Rvd25sb2Fkcy8wNzA5LjIwOTJ2MS5wZGYAEwABLwAAFQACAA3//wAAgAbSGxwdHlokY2xhc3NuYW1lWCRjbGFzc2VzXU5TTXV0YWJsZURhdGGjHR8gVk5TRGF0YVhOU09iamVjdNIbHCIjXE5TRGljdGlvbmFyeaIiIF8QD05TS2V5ZWRBcmNoaXZlctEmJ1Ryb290gAEACAARABoAIwAtADIANwBAAEYATQBVAGAAZwBqAGwAbgBxAHMAdQB3AIQAjgC5AL4AxgJMAk4CUwJeAmcCdQJ5AoACiQKOApsCngKwArMCuAAAAAAAAAIBAAAAAAAAACgAAAAAAAAAAAAAAAAAAAK6},
	Bdsk-Url-1 = {http://dx.doi.org/10.1088/1126-6708/2007/11/070}}

@article{tauola,
	Annote = {DOI: 10.1016/0010-4655(91)90038-M},
	Author = {S. Jadach and J. K{\"u}hn and Z. Was},
	Date-Added = {2016-09-06 19:47:31 +0000},
	Date-Modified = {2016-10-07 13:06:29 +0000},
	Doi = {10.1016/0010-4655(91)90038-M},
	Journal = {Comput. Phys. Commun},
	Keywords = {Generator},
	Pages = {275-299},
	Title = {TAUOLA: a library of Monte Carlo programs to simulate decays of polarized $\tau$ leptons},
	Volume = {64},
	Year = {1991},
	Bdsk-File-1 = {YnBsaXN0MDDUAQIDBAUGJCVYJHZlcnNpb25YJG9iamVjdHNZJGFyY2hpdmVyVCR0b3ASAAGGoKgHCBMUFRYaIVUkbnVsbNMJCgsMDxJXTlMua2V5c1pOUy5vYmplY3RzViRjbGFzc6INDoACgAOiEBGABIAFgAdccmVsYXRpdmVQYXRoWWFsaWFzRGF0YV8QKS4uLy4uLy4uLy4uLy4uL0Rvd25sb2Fkcy9DTS1QMDAwNjI0MzgucGRm0hcLGBlXTlMuZGF0YU8RAYgAAAAAAYgAAgAADE1hY2ludG9zaCBIRAAAAAAAAAAAAAAAAAAAAM4UPyJIKwAAAAXAnBBDTS1QMDAwNjI0MzgucGRmAAAAAAAAAAAAAAAAAAAAAAAAAAAAAAAAAAAAAAAAAAAAAAAAAAAAAAAAAAAAAAACUmXB0/Tb2QAAAAAAAAAAAAUAAgAACSAAAAAAAAAAAAAAAAAAAAAJRG93bmxvYWRzAAAQAAgAAM4UMRIAAAARAAgAANP0zckAAAABAAwABcCcAAXAmQACEikAAgA3TWFjaW50b3NoIEhEOlVzZXJzOgBhZGluZGE6AERvd25sb2FkczoAQ00tUDAwMDYyNDM4LnBkZgAADgAiABAAQwBNAC0AUAAwADAAMAA2ADIANAAzADgALgBwAGQAZgAPABoADABNAGEAYwBpAG4AdABvAHMAaAAgAEgARAASACdVc2Vycy9hZGluZGEvRG93bmxvYWRzL0NNLVAwMDA2MjQzOC5wZGYAABMAAS8AABUAAgAN//8AAIAG0hscHR5aJGNsYXNzbmFtZVgkY2xhc3Nlc11OU011dGFibGVEYXRhox0fIFZOU0RhdGFYTlNPYmplY3TSGxwiI1xOU0RpY3Rpb25hcnmiIiBfEA9OU0tleWVkQXJjaGl2ZXLRJidUcm9vdIABAAgAEQAaACMALQAyADcAQABGAE0AVQBgAGcAagBsAG4AcQBzAHUAdwCEAI4AugC/AMcCUwJVAloCZQJuAnwCgAKHApAClQKiAqUCtwK6Ar8AAAAAAAACAQAAAAAAAAAoAAAAAAAAAAAAAAAAAAACwQ==},
	Bdsk-Url-1 = {http://dx.doi.org/10.1016/0010-4655(91)90038-M}}

@article{lhc-machine,
	Annote = {DOI: 10.1088/1748-0221/3/08/S08001},
	Author = {L. Evans and P. Bryant},
	Date-Added = {2016-09-06 19:43:43 +0000},
	Date-Modified = {2016-10-07 13:06:12 +0000},
	Doi = {10.1088/1748-0221/3/08/S08001},
	Journal = {JINST},
	Keywords = {Detector},
	Pages = {S08001},
	Title = {The LHC Machine},
	Volume = {3},
	Year = {2008},
	Bdsk-File-1 = {YnBsaXN0MDDUAQIDBAUGJCVYJHZlcnNpb25YJG9iamVjdHNZJGFyY2hpdmVyVCR0b3ASAAGGoKgHCBMUFRYaIVUkbnVsbNMJCgsMDxJXTlMua2V5c1pOUy5vYmplY3RzViRjbGFzc6INDoACgAOiEBGABIAFgAdccmVsYXRpdmVQYXRoWWFsaWFzRGF0YV8QLS4uLy4uLy4uLy4uLy4uL0Rvd25sb2Fkcy9qaW5zdDhfMDhfczA4MDAxLnBkZtIXCxgZV05TLmRhdGFPEQGYAAAAAAGYAAIAAAxNYWNpbnRvc2ggSEQAAAAAAAAAAAAAAAAAAADOFD8iSCsAAAAFwJwUamluc3Q4XzA4X3MwODAwMS5wZGYAAAAAAAAAAAAAAAAAAAAAAAAAAAAAAAAAAAAAAAAAAAAAAAAAAAAAAAAAAlJj0tP02vcAAAAAAAAAAAAFAAIAAAkgAAAAAAAAAAAAAAAAAAAACURvd25sb2FkcwAAEAAIAADOFDESAAAAEQAIAADT9MznAAAAAQAMAAXAnAAFwJkAAhIpAAIAO01hY2ludG9zaCBIRDpVc2VyczoAYWRpbmRhOgBEb3dubG9hZHM6AGppbnN0OF8wOF9zMDgwMDEucGRmAAAOACoAFABqAGkAbgBzAHQAOABfADAAOABfAHMAMAA4ADAAMAAxAC4AcABkAGYADwAaAAwATQBhAGMAaQBuAHQAbwBzAGgAIABIAEQAEgArVXNlcnMvYWRpbmRhL0Rvd25sb2Fkcy9qaW5zdDhfMDhfczA4MDAxLnBkZgAAEwABLwAAFQACAA3//wAAgAbSGxwdHlokY2xhc3NuYW1lWCRjbGFzc2VzXU5TTXV0YWJsZURhdGGjHR8gVk5TRGF0YVhOU09iamVjdNIbHCIjXE5TRGljdGlvbmFyeaIiIF8QD05TS2V5ZWRBcmNoaXZlctEmJ1Ryb290gAEACAARABoAIwAtADIANwBAAEYATQBVAGAAZwBqAGwAbgBxAHMAdQB3AIQAjgC+AMMAywJnAmkCbgJ5AoICkAKUApsCpAKpArYCuQLLAs4C0wAAAAAAAAIBAAAAAAAAACgAAAAAAAAAAAAAAAAAAALV},
	Bdsk-Url-1 = {http://dx.doi.org/10.1088/1748-0221/3/08/S08001}}

@article{madgraph,
	Annote = {DOI: 10.1007/JHEP06(2011)128
arXiv:1106.0522},
	Author = {J. Alwall and M. Herquet and F. Maltoni and O. Mattelaer and T. Stelzer},
	Date-Added = {2016-09-06 19:36:15 +0000},
	Date-Modified = {2016-10-07 13:06:50 +0000},
	Doi = {10.1007/JHEP06(2011)128},
	Eprint = {1106.0522},
	Journal = {JHEP},
	Keywords = {Generator},
	Pages = {128},
	Title = {MadGraph 5: Going Beyond},
	Volume = {06},
	Year = {2011},
	Bdsk-File-1 = {YnBsaXN0MDDUAQIDBAUGJCVYJHZlcnNpb25YJG9iamVjdHNZJGFyY2hpdmVyVCR0b3ASAAGGoKgHCBMUFRYaIVUkbnVsbNMJCgsMDxJXTlMua2V5c1pOUy5vYmplY3RzViRjbGFzc6INDoACgAOiEBGABIAFgAdccmVsYXRpdmVQYXRoWWFsaWFzRGF0YV8QKC4uLy4uLy4uLy4uLy4uL0Rvd25sb2Fkcy8xMTA2LjA1MjJ2MS5wZGbSFwsYGVdOUy5kYXRhTxEBggAAAAABggACAAAMTWFjaW50b3NoIEhEAAAAAAAAAAAAAAAAAAAAzhQ/IkgrAAAABcCcDzExMDYuMDUyMnYxLnBkZgAAAAAAAAAAAAAAAAAAAAAAAAAAAAAAAAAAAAAAAAAAAAAAAAAAAAAAAAAAAAAAAAJSYtTT9NpjAAAAAAAAAAAABQACAAAJIAAAAAAAAAAAAAAAAAAAAAlEb3dubG9hZHMAABAACAAAzhQxEgAAABEACAAA0/TMUwAAAAEADAAFwJwABcCZAAISKQACADZNYWNpbnRvc2ggSEQ6VXNlcnM6AGFkaW5kYToARG93bmxvYWRzOgAxMTA2LjA1MjJ2MS5wZGYADgAgAA8AMQAxADAANgAuADAANQAyADIAdgAxAC4AcABkAGYADwAaAAwATQBhAGMAaQBuAHQAbwBzAGgAIABIAEQAEgAmVXNlcnMvYWRpbmRhL0Rvd25sb2Fkcy8xMTA2LjA1MjJ2MS5wZGYAEwABLwAAFQACAA3//wAAgAbSGxwdHlokY2xhc3NuYW1lWCRjbGFzc2VzXU5TTXV0YWJsZURhdGGjHR8gVk5TRGF0YVhOU09iamVjdNIbHCIjXE5TRGljdGlvbmFyeaIiIF8QD05TS2V5ZWRBcmNoaXZlctEmJ1Ryb290gAEACAARABoAIwAtADIANwBAAEYATQBVAGAAZwBqAGwAbgBxAHMAdQB3AIQAjgC5AL4AxgJMAk4CUwJeAmcCdQJ5AoACiQKOApsCngKwArMCuAAAAAAAAAIBAAAAAAAAACgAAAAAAAAAAAAAAAAAAAK6},
	Bdsk-Url-1 = {http://dx.doi.org/10.1007/JHEP06(2011)128}}

@article{cms-tdr-vol2,
	Collaboration = {CMS Collaboration},
	Date-Added = {2016-09-06 16:18:54 +0000},
	Date-Modified = {2016-10-07 13:06:22 +0000},
	Keywords = {Detector},
	Title = {Technical Design Report, Volum II: Physics Performance},
	Bdsk-File-1 = {YnBsaXN0MDDUAQIDBAUGJCVYJHZlcnNpb25YJG9iamVjdHNZJGFyY2hpdmVyVCR0b3ASAAGGoKgHCBMUFRYaIVUkbnVsbNMJCgsMDxJXTlMua2V5c1pOUy5vYmplY3RzViRjbGFzc6INDoACgAOiEBGABIAFgAdccmVsYXRpdmVQYXRoWWFsaWFzRGF0YV8QKi4uLy4uLy4uLy4uLy4uL0Rvd25sb2Fkcy9saGNjLTIwMDYtMDIxLnBkZtIXCxgZV05TLmRhdGFPEQGKAAAAAAGKAAIAAAxNYWNpbnRvc2ggSEQAAAAAAAAAAAAAAAAAAADOFD8iSCsAAAAFwJwRbGhjYy0yMDA2LTAyMS5wZGYAAAAAAAAAAAAAAAAAAAAAAAAAAAAAAAAAAAAAAAAAAAAAAAAAAAAAAAAAAAAAAlI409P0qusAAAAAAAAAAAAFAAIAAAkgAAAAAAAAAAAAAAAAAAAACURvd25sb2FkcwAAEAAIAADOFDESAAAAEQAIAADT9JzbAAAAAQAMAAXAnAAFwJkAAhIpAAIAOE1hY2ludG9zaCBIRDpVc2VyczoAYWRpbmRhOgBEb3dubG9hZHM6AGxoY2MtMjAwNi0wMjEucGRmAA4AJAARAGwAaABjAGMALQAyADAAMAA2AC0AMAAyADEALgBwAGQAZgAPABoADABNAGEAYwBpAG4AdABvAHMAaAAgAEgARAASAChVc2Vycy9hZGluZGEvRG93bmxvYWRzL2xoY2MtMjAwNi0wMjEucGRmABMAAS8AABUAAgAN//8AAIAG0hscHR5aJGNsYXNzbmFtZVgkY2xhc3Nlc11OU011dGFibGVEYXRhox0fIFZOU0RhdGFYTlNPYmplY3TSGxwiI1xOU0RpY3Rpb25hcnmiIiBfEA9OU0tleWVkQXJjaGl2ZXLRJidUcm9vdIABAAgAEQAaACMALQAyADcAQABGAE0AVQBgAGcAagBsAG4AcQBzAHUAdwCEAI4AuwDAAMgCVgJYAl0CaAJxAn8CgwKKApMCmAKlAqgCugK9AsIAAAAAAAACAQAAAAAAAAAoAAAAAAAAAAAAAAAAAAACxA==}}

@article{cms-tdr-vol1,
	Collaboration = {CMS Collaboration},
	Date-Added = {2016-09-06 15:58:03 +0000},
	Date-Modified = {2016-10-07 13:06:17 +0000},
	Keywords = {Detector},
	Title = {Technical Design Report, Volume I: Detector Performance and Software},
	Bdsk-File-1 = {YnBsaXN0MDDUAQIDBAUGJCVYJHZlcnNpb25YJG9iamVjdHNZJGFyY2hpdmVyVCR0b3ASAAGGoKgHCBMUFRYaIVUkbnVsbNMJCgsMDxJXTlMua2V5c1pOUy5vYmplY3RzViRjbGFzc6INDoACgAOiEBGABIAFgAdccmVsYXRpdmVQYXRoWWFsaWFzRGF0YV8QLC4uLy4uLy4uLy4uLy4uL0Rvd25sb2Fkcy9saGNjLTIwMDYtMDAxLTIucGRm0hcLGBlXTlMuZGF0YU8RAZIAAAAAAZIAAgAADE1hY2ludG9zaCBIRAAAAAAAAAAAAAAAAAAAAM4UPyJIKwAAAAXAnBNsaGNjLTIwMDYtMDAxLTIucGRmAAAAAAAAAAAAAAAAAAAAAAAAAAAAAAAAAAAAAAAAAAAAAAAAAAAAAAAAAAACUgYT0/SmCwAAAAAAAAAAAAUAAgAACSAAAAAAAAAAAAAAAAAAAAAJRG93bmxvYWRzAAAQAAgAAM4UMRIAAAARAAgAANP0l/sAAAABAAwABcCcAAXAmQACEikAAgA6TWFjaW50b3NoIEhEOlVzZXJzOgBhZGluZGE6AERvd25sb2FkczoAbGhjYy0yMDA2LTAwMS0yLnBkZgAOACgAEwBsAGgAYwBjAC0AMgAwADAANgAtADAAMAAxAC0AMgAuAHAAZABmAA8AGgAMAE0AYQBjAGkAbgB0AG8AcwBoACAASABEABIAKlVzZXJzL2FkaW5kYS9Eb3dubG9hZHMvbGhjYy0yMDA2LTAwMS0yLnBkZgATAAEvAAAVAAIADf//AACABtIbHB0eWiRjbGFzc25hbWVYJGNsYXNzZXNdTlNNdXRhYmxlRGF0YaMdHyBWTlNEYXRhWE5TT2JqZWN00hscIiNcTlNEaWN0aW9uYXJ5oiIgXxAPTlNLZXllZEFyY2hpdmVy0SYnVHJvb3SAAQAIABEAGgAjAC0AMgA3AEAARgBNAFUAYABnAGoAbABuAHEAcwB1AHcAhACOAL0AwgDKAmACYgJnAnICewKJAo0ClAKdAqICrwKyAsQCxwLMAAAAAAAAAgEAAAAAAAAAKAAAAAAAAAAAAAAAAAAAAs4=}}

@article{pythia64,
	Annote = {doi:10.1088/1126-6708/2006/05/026},
	Author = {T. Sj{\"o}strand and S. Mrenna and P. Skands},
	Date-Added = {2016-09-06 10:58:43 +0000},
	Date-Modified = {2016-10-07 13:06:41 +0000},
	Doi = {10.1088/1126-6708/2006/05/026},
	Journal = {JHEP},
	Keywords = {Generator},
	Number = {05},
	Pages = {026},
	Title = {PYTHIA 6.4 Physics and Manual},
	Volume = {06},
	Year = {2006},
	Bdsk-File-1 = {YnBsaXN0MDDUAQIDBAUGJCVYJHZlcnNpb25YJG9iamVjdHNZJGFyY2hpdmVyVCR0b3ASAAGGoKgHCBMUFRYaIVUkbnVsbNMJCgsMDxJXTlMua2V5c1pOUy5vYmplY3RzViRjbGFzc6INDoACgAOiEBGABIAFgAdccmVsYXRpdmVQYXRoWWFsaWFzRGF0YV8QJi4uLy4uLy4uLy4uLy4uL0Rvd25sb2Fkcy8wNjAzMTc1djIucGRm0hcLGBlXTlMuZGF0YU8RAXoAAAAAAXoAAgAADE1hY2ludG9zaCBIRAAAAAAAAAAAAAAAAAAAAM4UPyJIKwAAAAXAnA0wNjAzMTc1djIucGRmAAAAAAAAAAAAAAAAAAAAAAAAAAAAAAAAAAAAAAAAAAAAAAAAAAAAAAAAAAAAAAAAAAACUPJQ0/Rf4QAAAAAAAAAAAAUAAgAACSAAAAAAAAAAAAAAAAAAAAAJRG93bmxvYWRzAAAQAAgAAM4UMRIAAAARAAgAANP0UdEAAAABAAwABcCcAAXAmQACEikAAgA0TWFjaW50b3NoIEhEOlVzZXJzOgBhZGluZGE6AERvd25sb2FkczoAMDYwMzE3NXYyLnBkZgAOABwADQAwADYAMAAzADEANwA1AHYAMgAuAHAAZABmAA8AGgAMAE0AYQBjAGkAbgB0AG8AcwBoACAASABEABIAJFVzZXJzL2FkaW5kYS9Eb3dubG9hZHMvMDYwMzE3NXYyLnBkZgATAAEvAAAVAAIADf//AACABtIbHB0eWiRjbGFzc25hbWVYJGNsYXNzZXNdTlNNdXRhYmxlRGF0YaMdHyBWTlNEYXRhWE5TT2JqZWN00hscIiNcTlNEaWN0aW9uYXJ5oiIgXxAPTlNLZXllZEFyY2hpdmVy0SYnVHJvb3SAAQAIABEAGgAjAC0AMgA3AEAARgBNAFUAYABnAGoAbABuAHEAcwB1AHcAhACOALcAvADEAkICRAJJAlQCXQJrAm8CdgJ/AoQCkQKUAqYCqQKuAAAAAAAAAgEAAAAAAAAAKAAAAAAAAAAAAAAAAAAAArA=},
	Bdsk-Url-1 = {http://dx.doi.org/10.1088/1126-6708/2006/05/026}}
